%----------------------------------------------------------------------------------------------
% Area de Libros citados
%----------------------------------------------------------------------------------------------

@book{schaeffere,
author = {Schaeffer, E.},
title = {Análisis de Algoritmos. Teoría de grafos},
year = 2014,
url = {https://elisa.dyndns-web.com/teaching/aa/pdf/clase1408.pdf},
}

@book{ahuja,
author = {Ahuja, R. K.},
title = {Network Flows: Theory, Algorithms, and Applications},
year = 2017,
publisher = {Pearson Education},
edition = {primera},

}

@book{agenciadetransporte,
author = {Agencia Estatal de Transporte},
title = {Plan Sectorial de Transporte y Vialidad del Área Metropolitana de Monterrey 2008-2030},
year = 1998,
url = {https://www.sanpedro.gob.mx/Gaceta/PSTYV_publicado_sep09.pdf},
}

@book{arichagberg,
author = {Aric Hagberg, Dan Schult, Pieter Swart},
title = {NetworkX Reference},
year = 2019,
OPTpages = {662},
url = {https://networkx.github.io/documentation/latest/_downloads/networkx_reference.pdf},
}

@book{bibtex,
author = {Miguel Mata Pérez},
title = {Bibliografía de Latex},
year = 2014,
publisher = {Empresa editorial},
url = {http://logistica.fime.uanl.mx/miguel/docs/BibTeX.pdf},
}

@book{alfonsolopez,
author = {Alfonso López Céspedes},
title = {Diseño de una metodología de automatización y control para los procesos de dosificación, mezcla y carga en una planta de asfalto},
year = 2007,
url = {http://repository.lasalle.edu.co/bitstream/handle/10185/16661/T44.07%20L881d.pdf?sequence=1},
}

@book{pablosolisfernandez,
author = {Pablo Solis Fernández},
title = {Modificación superficial de materiales de carbono: grafito y grafeno},
year = 2011,
url = {http://digital.csic.es/bitstream/10261/34323/1/TESIS-Pablo%20Solis.pdf},
}

@book{silviacosta,
author = {Silvia Acosta Gnass},
title = {Manual de esterilización para centros de salud},
year = 2008,
url = {http://www.paho.org/PAHO-USAID/dmdocuments/AMR-Manual_Esterilizacion_Centros_Salud_2008.pdf},
}

@book{departamento,
author = {Departamento de Lenguajes y Sistemas Informáticos},
title = {Base dea Datos Tema 4 Modelo Entidad/Interrelación},
year = 2005,
url = {http://www.lsi.us.es/docencia/get.php?id=3187},
}

@book{josehernando,
author = {José Hernando Ávila-Toscano},
title = {Redes sociales y análisis de redes},
year = 2005,
url = {https://dialnet.unirioja.es/descarga/libro/511130.pdf}
}

%----------------------------------------------------------------------------------
% Sitios online citados
%---------------------------------------------------------------------------------
@misc{python,
author = {{Python Software Foundation Versión}},
howpublished = {\url{https://www.python.org}},
}

@misc{networkx,
author = {{Networkx developers con última actualización el 19 de Septiembre 2018}},
howpublished = {\url{https://networkx.github.io/documentation/stable}},
}

@misc{matplotlib,
author = {{Matplotlib developers}},
howpublished = {\url{https://matplotlib.org}},
}

@misc{ejemnetworkx1,
author = {{Matplotlib developers}},
howpublished = {\url{https://networkx.github.io/documentation/networkx-1.9/reference/generated/networkx.drawing.layout.spring_layout.html}},
}

@misc{circularlayout,
author = {{Matplotlib developers}},
howpublished = {\url{https://networkx.github.io/documentation/stable/reference/generated/networkx.drawing.layout.circular_layout.html#networkx.drawing.layout.circular_layout}},
}

%-----------------------------------------------------------------------------------
%Articulos citados
%------------------------------------------------------------------------------------


