%----------------------------------------------------------------------------------------------
% Area de Libros citados
%----------------------------------------------------------------------------------------------

@book{schaeffere,
author = {Schaeffer, E.},
title = {Análisis de Algoritmos. Teoría de grafos},
year = {2014},
url = {https://elisa.dyndns-web.com/teaching/aa/pdf/clase1408.pdf},
}

@book{ahuja,
author = {Ahuja, R. K.},
title = {{Network Flows: Theory, Algorithms, and Applications}},
volume = {1},
publisher = {Prentice Hall},
year = {2017},
isbn = {0136175549},
}

@book{arichagberg,
author = {Hagberg A., Schult D., Pieter Swart},
title = {NetworkX Reference},
year = {2019},
OPTpages = {662},
url = {https://networkx.github.io/documentation/latest/_downloads/networkx_reference.pdf},
}

@book{bibtex,
author = {Mata Pérez, M.},
title = {Bibliografía de Latex},
year = {2014},
publisher = {Empresa editorial},
url = {http://logistica.fime.uanl.mx/miguel/docs/BibTeX.pdf},
}

@book{pablosolisfernandez,
author = {Solis Fernández, P.},
title = {Modificación superficial de materiales de carbono: grafito y grafeno},
year = {2011},
url = {http://digital.csic.es/bitstream/10261/34323/1/TESIS-Pablo%20Solis.pdf},
}

@book{silviacosta,
author = {Acosta Gnass, S.},
title = {Manual de esterilización para centros de salud},
year = {2008},
url = {http://www.paho.org/PAHO-USAID/dmdocuments/AMR-Manual_Esterilizacion_Centros_Salud_2008.pdf},
}

@book{departamento,
author = {Departamento de Lenguajes y Sistemas Informáticos},
title = {Base de Datos Tema 4 Modelo Entidad/Interrelación},
year = {2005},
url = {http://www.lsi.us.es/docencia/get.php?id=3187},
}

@book{josehernando,
author = { Hernando Ávila-Toscano, J.},
title = {Redes sociales y análisis de redes},
year = {2005},
url = {https://dialnet.unirioja.es/descarga/libro/511130.pdf}
}

@book{fallas,
author = {Jorge Fallas },
title = {Análisis de varianza},
year = {2012},
url = {http://www.ucipfg.com/Repositorio/MGAP/MGAP-05/BLOQUE-ACADEMICO/Unidad-2/complementarias/analisis_de_varianza_2012.pdf}
}

@book{pythonalgorithm,
author = {Magnus Lie Hetland},
title = {Python Algorithms: Mastering Basic Algorithms in the Python Language},
year = {2012},
url = {http://index-of.co.uk/Python/Mastering%20Basic%20Algorithms%20in%20the%20Python%20Language%20-%20Hetland%20-%20Apress.pdf}
}

%----------------------------------------------------------------------------------
% Sitios online citados
%---------------------------------------------------------------------------------
@misc{python,
author = {{Python Software Foundation Versión}},
howpublished = {\url{https://www.python.org}},
}

@misc{networkx,
author = {{Networkx developers con última actualización el 19 de Septiembre 2018}},
howpublished = {\url{https://networkx.github.io/documentation/stable}},
}

@misc{matplotlib,
author = {{Matplotlib developers}},
howpublished = {\url{https://matplotlib.org}},
}

@misc{ejemnetworkx1,
author = {{Matplotlib developers}},
howpublished = {\url{https://networkx.github.io/documentation/networkx-1.9/reference/generated/networkx.drawing.layout.spring_layout.html}},
}

@misc{circularlayout,
author = {{Matplotlib developers}},
howpublished = {\url{https://networkx.github.io/documentation/stable/reference/generated/networkx.drawing.layout.circular_layout.html#networkx.drawing.layout.circular_layout}},
}

@misc{numpy,
author = {{Numpy developers}},
howpublished = {\url{https://www.numpy.org/}},
}

@misc{panda,
author = {{Olivier Pomel}},
howpublished = {\url{https://pandas.pydata.org/}},
}

@misc{scipy,
author = {{Travis Oliphant}},
howpublished = {\url{https://www.scipy.org/}},
}

@misc{seaborn,
author = {{Michael Waskom}},
howpublished = {\url{https://seaborn.pydata.org/}},
}

@misc{researchcpy,
author = {{Corey Bryant}},
howpublished = {\url{https://pypi.org/project/researchpy/}},
}

@misc{pingouin,
author = {{Raphael Vallat}},
howpublished = {\url{https://pypi.org/project/pingouin/}},
}

@misc{tukey,
author = {{Lara Porras}},
howpublished = {\url{http://wpd.ugr.es/~bioestad/wp-content/uploads/ComparacionesMultiples.pdf/}},
}

@misc{algoritmos,
author = {{Aric Hagberg}},
howpublished = {\url{https://www.csie.ntu.edu.tw/~azarc/sna/networkx/networkx/generators/random_graphs.py/}},
}
%-----------------------------------------------------------------------------------
%Articulos citados
%------------------------------------------------------------------------------------


